@Manual{RStudio,
  title = {RStudio: Integrated Development Environment for R},
  author = {{RStudio Team}},
  organization = {RStudio, PBC},
  address = {Boston, MA},
  year = {2021},
  url = {http://www.rstudio.com/},
}

@Book{xie2015,
  title = {Dynamic Documents with {R} and knitr},
  author = {Yihui Xie},
  publisher = {Chapman and Hall/CRC},
  address = {Boca Raton, Florida},
  year = {2015},
  edition = {2nd},
  note = {ISBN 978-1498716963},
  url = {http://yihui.name/knitr/},
}

@inproceedings{wilkinson2005graph,
  title={Graph-theoretic scagnostics},
  author={Wilkinson, Leland and Anand, Anushka and Grossman, Robert},
  booktitle={IEEE Symposium on Information Visualization (InfoVis 05)},
  pages={157--158},
  year={2005},
  organization={IEEE Computer Society}
}

@article{wickham2010layered,
  title={A layered grammar of graphics},
  author={Wickham, Hadley},
  journal={Journal of Computational and Graphical Statistics},
  volume={19},
  number={1},
  pages={3--28},
  year={2010},
  publisher={Taylor \& Francis}
}

@article{wickham2014tidy,
  title={Tidy data},
  author={Wickham, Hadley and others},
  journal={Journal of statistical software},
  volume={59},
  number={10},
  pages={1--23},
  year={2014}
}

@Book{ggplot2,
    author = {Hadley Wickham},
    title = {ggplot2: Elegant Graphics for Data Analysis},
    publisher = {Springer-Verlag New York},
    year = {2016},
    isbn = {978-3-319-24277-4},
    url = {https://ggplot2.tidyverse.org},
  }

@Manual{rmarkdown,
    title = {rmarkdown: Dynamic Documents for R},
    author = {JJ Allaire and Yihui Xie and Jonathan McPherson and Javier Luraschi and Kevin Ushey and Aron Atkins and Hadley Wickham and Joe Cheng and Winston Chang},
    year = {2018},
    note = {R package version 1.10},
    url = {https://CRAN.R-project.org/package=rmarkdown},
  }

@Manual{tidyverse,
  title = {tidyverse: Easily Install and Load the 'Tidyverse'},
  author = {Hadley Wickham},
  year = {2017},
  note = {R package version 1.2.1},
  url = {https://CRAN.R-project.org/package=tidyverse},
}

@misc{BBC-R,
  title = {How the BBC Visual and Data Journalism team works with graphics in R},
  author = {BBC Visual and Data Journalism},
  journal = {Medium},
  year = {2019},
  url = {https://medium.com/bbc-visual-and-data-journalism/how-the-bbc-visual-and-data-journalism-team-works-with-graphics-in-r-ed0b35693535}
}

@misc{NYT-R,
  title = {Amanda Cox on Working With R, NYT Projects, Favorite Data [podcast]},
  author = {Enrico Bertini and Moritz Stefaner},
  journal = {Data Stories},
  year = {2015},
  url = {https://datastori.es/ds-56-amanda-cox-nyt/}
}

@article{robins2003learning,
  title={Learning and teaching programming: A review and discussion},
  author={Robins, Anthony and Rountree, Janet and Rountree, Nathan},
  journal={Computer science education},
  volume={13},
  number={2},
  pages={137--172},
  year={2003},
  publisher={Taylor \& Francis}
}

@article{newman2012bar,
  title={Bar graphs depicting averages are perceptually misinterpreted: The within-the-bar bias},
  author={Newman, George E and Scholl, Brian J},
  journal={Psychonomic bulletin \& review},
  volume={19},
  number={4},
  pages={601--607},
  year={2012},
  publisher={Springer}
}

@article{munafo2017manifesto,
  title={A manifesto for reproducible science},
  author={Munaf{\`o}, Marcus R and Nosek, Brian A and Bishop, Dorothy VM and Button, Katherine S and Chambers, Christopher D and Du Sert, Nathalie Percie and Simonsohn, Uri and Wagenmakers, Eric-Jan and Ware, Jennifer J and Ioannidis, John PA},
  journal={Nature human behaviour},
  volume={1},
  number={1},
  pages={1--9},
  year={2017},
  publisher={Nature Publishing Group}
}

 @misc{rminr, 
 title={Teaching Research Methods in R},
 author={Andy Wills},
 url={https://www.andywills.info/rminr/rminrinpsy.html}, 
 journal={rminr}
} 


@misc{Nation2017,
  author = {Nation, Z.},
  title = {Perceptions},
  year = {2017},
  publisher = {GitHub},
  journal = {GitHub repository},
  howpublished = {\url{https://github.com/zonination/perceptions  }},
  commit = {51207062aa173777264d3acce0131e1e2456d966}
}

@article{barrett2019six,
  title={Six Reasons to Consider Using R in Psychological Research},
  author={Barrett, Tyson S},
  year={2019},
  publisher={PsyArXiv}
}

@article{allison2012toward,
  title={Toward brief “red flags” for autism screening: the short autism spectrum quotient and the short quantitative checklist in 1,000 cases and 3,000 controls},
  author={Allison, Carrie and Auyeung, Bonnie and Baron-Cohen, Simon},
  journal={Journal of the American Academy of Child \& Adolescent Psychiatry},
  volume={51},
  number={2},
  pages={202--212},
  year={2012},
  publisher={Elsevier}
}

@article{raincloudplots,
 author={ Micah Allen and Davide Poggiali and Kirstie Whitaker and Tom Rhys Marshall and Jordy {van Langen} and Rogier A. Kievit},
 title = {Raincloud plots: a multi-platform tool for robust data visualization [version 2; peer review: 2 approved]},
 journal={Wellcome Open Research},
 year={2021}, 
 volume={4},
 issue={63},
 url={https://doi.org/10.12688/wellcomeopenres.15191.2},
 doi={10.12688/wellcomeopenres.15191.2}
 }
